<?xml version="1.0" encoding="UTF-8"?><record xmlns="http://www.loc.gov/MARC21/slim" xmlns:cinclude="http://apache.org/cocoon/include/1.0" xmlns:zs="http://www.loc.gov/zing/srw/">
  <leader>00390nz  a2200121n  4500</leader>
  <controlfield tag="001">n  90638583 </controlfield>
  <controlfield tag="003">DLC</controlfield>
  <controlfield tag="005">19900501091607.1</controlfield>
  <controlfield tag="008">900501n| acannaab|          |n aad |||  </controlfield>
  <datafield tag="010" ind1=" " ind2=" ">
    <subfield code="a">n  90638583 </subfield>
  </datafield>
  <datafield tag="040" ind1=" " ind2=" ">
    <subfield code="a">DLC</subfield>
    <subfield code="c">DLC</subfield>
  </datafield>
  <datafield tag="100" ind1="1" ind2="0">
    <subfield code="a">Barfod, Jesper</subfield>
  </datafield>
  <datafield tag="670" ind1=" " ind2=" ">
    <subfield code="a">nuc89-104395: His Investigations on the optimum corrective frequecy ... [MI] 1972</subfield>
    <subfield code="b">(hdg. on NN rept.: Barfod, Jesper; usage: Jesper Barfod)</subfield>
  </datafield>
</record>